@techreport{cc2018,
     title = {{La politique d'aide aux biocarburants}},
     author = {{Cour des Comptes}},
     year = {2012},
     month = {janvier},
     pages = {118},
     type={\unskip\space}
}

@article{TORRES20129,
title = "GMES Sentinel-1 mission",
journal = "Remote Sensing of Environment",
volume = "120",
pages = "9 - 24",
year = "2012",
note = "The Sentinel Missions - New Opportunities for Science",
issn = "0034-4257",
doi = "https://doi.org/10.1016/j.rse.2011.05.028",
url = "http://www.sciencedirect.com/science/article/pii/S0034425712000600",
author = "R. Torres and P. Snoeij and D. Geudtner and D. Bibby and M. Davidson and E. Attema and P. Potin and B. Rommen and N. Floury and M. Brown and I. Navas Traver and P. Deghaye and B. Duesmann and B. Rosich and N. Miranda and C. Bruno and M. L'Abbate and R. Croci and A. Pietropaolo and M. Huchler and F. Rostan",
keywords = "CSAR, Space borne, C-Band, Satellite, Remote Sensing, GMES, Constellation"
}

@article{DRUSCH201225,
title = "Sentinel-2: ESA's Optical High-Resolution Mission for GMES Operational Services",
journal = "Remote Sensing of Environment",
volume = "120",
pages = "25 - 36",
year = "2012",
note = "The Sentinel Missions - New Opportunities for Science",
issn = "0034-4257",
doi = "https://doi.org/10.1016/j.rse.2011.11.026",
url = "http://www.sciencedirect.com/science/article/pii/S0034425712000636",
author = "M. Drusch and U. Del Bello and S. Carlier and O. Colin and V. Fernandez and F. Gascon and B. Hoersch and C. Isola and P. Laberinti and P. Martimort and A. Meygret and F. Spoto and O. Sy and F. Marchese and P. Bargellini",
keywords = "Sentinel-2, GMES, Remote sensing, Optical multi-spectral instrument, Land cover classification"
}

@article{DONLON201237,
title = "The Global Monitoring for Environment and Security (GMES) Sentinel-3 mission",
journal = "Remote Sensing of Environment",
volume = "120",
pages = "37 - 57",
year = "2012",
note = "The Sentinel Missions - New Opportunities for Science",
issn = "0034-4257",
doi = "https://doi.org/10.1016/j.rse.2011.07.024",
url = "http://www.sciencedirect.com/science/article/pii/S0034425712000685",
author = "C. Donlon and B. Berruti and A. Buongiorno and M.-H. Ferreira and P. Féménias and J. Frerick and P. Goryl and U. Klein and H. Laur and C. Mavrocordatos and J. Nieke and H. Rebhan and B. Seitz and J. Stroede and R. Sciarra",
keywords = "Satellite, Sea surface temperature, Ocean colour, Altimetry, Land cover, Global Monitoring for Environment and Security, Sentinel-3"
}

@Article{inglada2017,
AUTHOR = {Inglada, Jordi and Vincent, Arthur and Arias, Marcela and Tardy, Benjamin and Morin, David and Rodes, Isabel},
TITLE = {Operational High Resolution Land Cover Map Production at the Country Scale Using Satellite Image Time Series},
JOURNAL = {Remote Sensing},
VOLUME = {9},
YEAR = {2017},
NUMBER = {1},
ARTICLE NUMBER = {95},
URL = {http://www.mdpi.com/2072-4292/9/1/95},
ISSN = {2072-4292},
DOI = {10.3390/rs9010095}
}

@article{wang2017rse,
author = {Wang, C. and Chen, J. and Wu, J. and Tang, Y. and Shi, P. and Andrew Black, T and Zhu, Kai},
year = {2017},
month = {07},
pages = {1-12},
title = {A snow-free vegetation index for improved monitoring of vegetation spring green-up date in deciduous ecosystems},
volume = {196},
booktitle = {Remote Sensing of Environment}
}
